%%%%%%%%%%%% 
%% PAPERS

@article{DBLP:journals/corr/ZhangDXFWBWL14,
	author    = {Yuyu Zhang and
	Hanjun Dai and
	Chang Xu and
	Jun Feng and
	Taifeng Wang and
	Jiang Bian and
	Bin Wang and
	Tie{-}Yan Liu},
	title     = {Sequential Click Prediction for Sponsored Search with Recurrent Neural
	Networks},
	journal   = {CoRR},
	volume    = {abs/1404.5772},
	year      = {2014},
	url       = {http://arxiv.org/abs/1404.5772},
	timestamp = {Thu, 07 Jul 2016 07:57:12 +0200},
	biburl    = {http://dblp.uni-trier.de/rec/bib/journals/corr/ZhangDXFWBWL14},
	bibsource = {dblp computer science bibliography, http://dblp.org}
}

@article{DBLP:journals/corr/Lipton15,
	author    = {Zachary Chase Lipton},
	title     = {A Critical Review of Recurrent Neural Networks for Sequence Learning},
	journal   = {CoRR},
	volume    = {abs/1506.00019},
	year      = {2015},
	url		  = {http://arxiv.org/abs/1506.00019},
	timestamp = {Wed, 01 Jul 2015 15:10:24 +0200},
	biburl    = {http://dblp.uni-trier.de/rec/bib/journals/corr/Lipton15},
	bibsource = {dblp computer science bibliography, http://dblp.org}
}

@article{DBLP:journals/corr/SutskeverVL14,
	author    = {Ilya Sutskever and
	Oriol Vinyals and
	Quoc V. Le},
	title     = {Sequence to Sequence Learning with Neural Networks},
	journal   = {CoRR},
	volume    = {abs/1409.3215},
	year      = {2014},
	url       = {http://arxiv.org/abs/1409.3215},
	timestamp = {Wed, 01 Oct 2014 15:00:04 +0200},
	biburl    = {http://dblp.uni-trier.de/rec/bib/journals/corr/SutskeverVL14},
	bibsource = {dblp computer science bibliography, http://dblp.org}
}

@article{DBLP:journals/corr/MaoXYWY14a,
	author    = {Junhua Mao and
	Wei Xu and
	Yi Yang and
	Jiang Wang and
	Alan L. Yuille},
	title     = {Deep Captioning with Multimodal Recurrent Neural Networks (m-RNN)},
	journal   = {CoRR},
	volume    = {abs/1412.6632},
	year      = {2014},
	url       = {http://arxiv.org/abs/1412.6632},
	timestamp = {Thu, 01 Jan 2015 19:51:08 +0100},
	biburl    = {http://dblp.uni-trier.de/rec/bib/journals/corr/MaoXYWY14a},
	bibsource = {dblp computer science bibliography, http://dblp.org}
}

@article{DBLP:journals/corr/HidasiKBT15,
	author    = {Bal{\'{a}}zs Hidasi and
	Alexandros Karatzoglou and
	Linas Baltrunas and
	Domonkos Tikk},
	title     = {Session-based Recommendations with Recurrent Neural Networks},
	journal   = {CoRR},
	volume    = {abs/1511.06939},
	year      = {2015},
	url       = {http://arxiv.org/abs/1511.06939},
	timestamp = {Tue, 01 Dec 2015 19:22:34 +0100},
	biburl    = {http://dblp.uni-trier.de/rec/bib/journals/corr/HidasiKBT15},
	bibsource = {dblp computer science bibliography, http://dblp.org}
}

@article{DBLP:journals/corr/TanXL16,
	author    = {Yong Kiam Tan and
	Xinxing Xu and
	Yong Liu},
	title     = {Improved Recurrent Neural Networks for Session-based Recommendations},
	journal   = {CoRR},
	volume    = {abs/1606.08117},
	year      = {2016},
	url       = {http://arxiv.org/abs/1606.08117},
	timestamp = {Fri, 01 Jul 2016 17:39:49 +0200},
	biburl    = {http://dblp.uni-trier.de/rec/bib/journals/corr/TanXL16},
	bibsource = {dblp computer science bibliography, http://dblp.org}
}

@article{DBLP:journals/corr/LiuWWL016,
	author    = {Qiang Liu and
	Shu Wu and
	Diyi Wang and
	Zhaokang Li and
	Liang Wang},
	title     = {Context-aware Sequential Recommendation},
	journal   = {CoRR},
	volume    = {abs/1609.05787},
	year      = {2016},
	url       = {http://arxiv.org/abs/1609.05787},
	timestamp = {Mon, 03 Oct 2016 17:51:10 +0200},
	biburl    = {http://dblp.uni-trier.de/rec/bib/journals/corr/LiuWWL016},
	bibsource = {dblp computer science bibliography, http://dblp.org}
}

@article{LIU:rnn-based-recsys,
	title = {A Recurrent Neural Network Based
	Recommendation System},
	author  = {David Zhan Liu, Gurbir Singh},
	year  = 2015,
	url		  = {https://cs224d.stanford.edu/reports/LiuSingh.pdf},
	timestamp = {Wed, 01 Jul 2015 15:10:24 +0200}
}

@article{Srivastava:2014:DSW:2627435.2670313,
	author = {Srivastava, Nitish and Hinton, Geoffrey and Krizhevsky, Alex and Sutskever, Ilya and Salakhutdinov, Ruslan},
	title = {Dropout: A Simple Way to Prevent Neural Networks from Overfitting},
	journal = {J. Mach. Learn. Res.},
	issue_date = {January 2014},
	volume = {15},
	number = {1},
	month = jan,
	year = {2014},
	issn = {1532-4435},
	pages = {1929--1958},
	numpages = {30},
	url = {http://dl.acm.org/citation.cfm?id=2627435.2670313},
	acmid = {2670313},
	publisher = {JMLR.org},
	keywords = {deep learning, model combination, neural networks, regularization},
} 

@inproceedings{Hidasi:2016:PRN:2959100.2959167,
	author = {Hidasi, Bal\'{a}zs and Quadrana, Massimo and Karatzoglou, Alexandros and Tikk, Domonkos},
	title = {Parallel Recurrent Neural Network Architectures for Feature-rich Session-based Recommendations},
	booktitle = {Proceedings of the 10th ACM Conference on Recommender Systems},
	series = {RecSys '16},
	year = {2016},
	isbn = {978-1-4503-4035-9},
	location = {Boston, Massachusetts, USA},
	pages = {241--248},
	numpages = {8},
	url = {http://doi.acm.org/10.1145/2959100.2959167},
	doi = {10.1145/2959100.2959167},
	acmid = {2959167},
	publisher = {ACM},
	address = {New York, NY, USA},
	keywords = {deep learning, gated recurrent units, recommender systems, recurrent neural networks, training strategies},
} 

@inproceedings{Twardowski:2016:MCI:2959100.2959162,
	author = {Twardowski, Bartlomiej},
	title = {Modelling Contextual Information in Session-Aware Recommender Systems with Neural Networks},
	booktitle = {Proceedings of the 10th ACM Conference on Recommender Systems},
	series = {RecSys '16},
	year = {2016},
	isbn = {978-1-4503-4035-9},
	location = {Boston, Massachusetts, USA},
	pages = {273--276},
	numpages = {4},
	url = {http://doi.acm.org/10.1145/2959100.2959162},
	doi = {10.1145/2959100.2959162},
	acmid = {2959162},
	publisher = {ACM},
	address = {New York, NY, USA},
	keywords = {matrix factorization, recommender system, recurrent neural network, session-aware recommendations},
} 

@inproceedings{45530,
	title = {Deep Neural Networks for YouTube Recommendations},
	author  = {Paul Covington and Jay Adams and Emre Sargin},
	year  = 2016,
	booktitle = {Proceedings of the 10th ACM Conference on Recommender Systems},
	address = {New York, NY, USA}
}

@inproceedings{conf/recsys/WanLWGXC15,
	added-at = {2015-09-17T00:00:00.000+0200},
	author = {Wan, Shengxian and Lan, Yanyan and Wang, Pengfei and Guo, Jiafeng and Xu, Jun and Cheng, Xueqi},
	biburl = {http://www.bibsonomy.org/bibtex/205089d4d8c179ebcd4a6107efa45fbf8/dblp},
	booktitle = {RecSys Posters},
	crossref = {conf/recsys/2015p},
	editor = {Castells, Pablo},
	ee = {http://ceur-ws.org/Vol-1441/recsys2015_poster15.pdf},
	interhash = {bb07a7d5d7160315df424c1e4a90978e},
	intrahash = {05089d4d8c179ebcd4a6107efa45fbf8},
	keywords = {dblp},
	publisher = {CEUR-WS.org},
	series = {CEUR Workshop Proceedings},
	timestamp = {2016-05-31T11:43:08.000+0200},
	title = {Next Basket Recommendation with Neural Networks.},
	url = {http://dblp.uni-trier.de/db/conf/recsys/posters2015.html#WanLWGXC15},
	volume = 1441,
	year = 2015
}

@inproceedings{Song:2016:MDL:2911451.2914726,
	author = {Song, Yang and Elkahky, Ali Mamdouh and He, Xiaodong},
	title = {Multi-Rate Deep Learning for Temporal Recommendation},
	booktitle = {Proceedings of the 39th International ACM SIGIR Conference on Research and Development in Information Retrieval},
	series = {SIGIR '16},
	year = {2016},
	isbn = {978-1-4503-4069-4},
	location = {Pisa, Italy},
	pages = {909--912},
	numpages = {4},
	url = {http://doi.acm.org/10.1145/2911451.2914726},
	doi = {10.1145/2911451.2914726},
	acmid = {2914726},
	publisher = {ACM},
	address = {New York, NY, USA},
	keywords = {deep neural networks, long short-term memory network, recommender systems, temporal recommender systems},
}

@inproceedings{Yu:2016:DRM:2911451.2914683,
	author = {Yu, Feng and Liu, Qiang and Wu, Shu and Wang, Liang and Tan, Tieniu},
	title = {A Dynamic Recurrent Model for Next Basket Recommendation},
	booktitle = {Proceedings of the 39th International ACM SIGIR Conference on Research and Development in Information Retrieval},
	series = {SIGIR '16},
	year = {2016},
	isbn = {978-1-4503-4069-4},
	location = {Pisa, Italy},
	pages = {729--732},
	numpages = {4},
	url = {http://doi.acm.org/10.1145/2911451.2914683},
	doi = {10.1145/2911451.2914683},
	acmid = {2914683},
	publisher = {ACM},
	address = {New York, NY, USA},
	keywords = {next basket recommendation, recurrent neural network},
} 


@online{BBC:go-champion,
	author = {BBC},
	title  = {Google achieves AI 'breakthrough' by beating Go champion},
	date   = {2016-09-29},
	howpublished = {\url{http://www.bbc.com/news/technology-35420579}},
	url    = {http://www.bbc.com/news/technology-35420579}
}

@online{AGS:implicit-recommender-systems,
	author = {Will Kirwin},
	title  = {Implicit Recommender Systems: Biased Matrix Factorization},
	date   = {2016-09-30},
	howpublished = {\url{http://activisiongamescience.github.io/2016/01/11/Implicit-Recommender-Systems-Biased-Matrix-Factorization/}},
	url    = {http://activisiongamescience.github.io/2016/01/11/Implicit-Recommender-Systems-Biased-Matrix-Factorization/}
}

@online{QUUX:matrix-factorization-tutorial,
	author = {Albert Au Yeung},
	title  = {Matrix Factorization: A Simple Tutorial and Implementation in Python},
	date   = {2016-09-30},
	howpublished = {\url{http://www.quuxlabs.com/blog/2010/09/matrix-factorization-a-simple-tutorial-and-implementation-in-python/}},
	url    = {http://www.quuxlabs.com/blog/2010/09/matrix-factorization-a-simple-tutorial-and-implementation-in-python/}
}

@online{COLAH:understanding-lstm,
	author = {Christopher Olah},
	title  = {Understanding LSTM Networks},
	date   = {2016-09-30},
	howpublished = {\url{http://colah.github.io/posts/2015-08-Understanding-LSTMs/}},
	url    = {http://colah.github.io/posts/2015-08-Understanding-LSTMs/}
}

@online{ZALANDO:understanding-consumer-histories,
	author = {Tobias Lang},
	title  = {Deep Learning for Understanding Consumer Histories},
	date   = {2016-12-10},
	howpublished = {\url{https://tech.zalando.com/blog/deep-learning-for-understanding-consumer-histories/}},
	url    = {https://tech.zalando.com/blog/deep-learning-for-understanding-consumer-histories/}
}


@unpublished{Goodfellow-et-al-2016-Book,
	title={Deep Learning},
	author={Ian Goodfellow and Yoshua Bengio and Aaron Courville},
	note={Book in preparation for MIT Press},
	url={http://www.deeplearningbook.org},
	year={2016},
	pages={277-280}
}

@incollection{Rumelhart:1986:LIR:104279.104293,
	author = {Rumelhart, D. E. and Hinton, G. E. and Williams, R. J.},
	chapter = {Learning Internal Representations by Error Propagation},
	title = {Parallel Distributed Processing: Explorations in the Microstructure of Cognition, Vol. 1},
	editor = {Rumelhart, David E. and McClelland, James L. and PDP Research Group, CORPORATE},
	year = {1986},
	isbn = {0-262-68053-X},
	pages = {318--362},
	numpages = {45},
	url = {http://dl.acm.org/citation.cfm?id=104279.104293},
	acmid = {104293},
	publisher = {MIT Press},
	address = {Cambridge, MA, USA},
} 

@inproceedings{Hochreiter96bridginglong,
	author = {Sepp Hochreiter and Jürgen Schmidhuber},
	title = {Bridging Long Time Lags by Weight Guessing and "Long Short Term Memory"},
	booktitle = {SPATIOTEMPORAL MODELS IN BIOLOGICAL AND ARTIFICIAL SYSTEMS},
	year = {1996},
	pages = {65--72},
	publisher = {IOS Press}
}

@article{DBLP:journals/corr/ChoMGBSB14,
	author    = {Kyunghyun Cho and
	Bart van Merrienboer and
	{\c{C}}aglar G{\"{u}}l{\c{c}}ehre and
	Fethi Bougares and
	Holger Schwenk and
	Yoshua Bengio},
	title     = {Learning Phrase Representations using {RNN} Encoder-Decoder for Statistical
	Machine Translation},
	journal   = {CoRR},
	volume    = {abs/1406.1078},
	year      = {2014},
	url       = {http://arxiv.org/abs/1406.1078},
	timestamp = {Wed, 02 Jul 2014 08:24:58 +0200},
	biburl    = {http://dblp.uni-trier.de/rec/bib/journals/corr/ChoMGBSB14},
	bibsource = {dblp computer science bibliography, http://dblp.org}
}

@article{DBLP:journals/corr/ChungGCB14,
	author    = {Junyoung Chung and
	{\c{C}}aglar G{\"{u}}l{\c{c}}ehre and
	KyungHyun Cho and
	Yoshua Bengio},
	title     = {Empirical Evaluation of Gated Recurrent Neural Networks on Sequence
	Modeling},
	journal   = {CoRR},
	volume    = {abs/1412.3555},
	year      = {2014},
	url       = {http://arxiv.org/abs/1412.3555},
	timestamp = {Thu, 01 Jan 2015 19:51:08 +0100},
	biburl    = {http://dblp.uni-trier.de/rec/bib/journals/corr/ChungGCB14},
	bibsource = {dblp computer science bibliography, http://dblp.org}
}

@inproceedings{Salakhutdinov:2007:RBM:1273496.1273596,
	author = {Salakhutdinov, Ruslan and Mnih, Andriy and Hinton, Geoffrey},
	title = {Restricted Boltzmann Machines for Collaborative Filtering},
	booktitle = {Proceedings of the 24th International Conference on Machine Learning},
	series = {ICML '07},
	year = {2007},
	isbn = {978-1-59593-793-3},
	location = {Corvalis, Oregon, USA},
	pages = {791--798},
	numpages = {8},
	url = {http://doi.acm.org/10.1145/1273496.1273596},
	doi = {10.1145/1273496.1273596},
	acmid = {1273596},
	publisher = {ACM},
	address = {New York, NY, USA},
} 

@article{DBLP:journals/corr/WangWY14,
	author    = {Hao Wang and
	Naiyan Wang and
	Dit{-}Yan Yeung},
	title     = {Collaborative Deep Learning for Recommender Systems},
	journal   = {CoRR},
	volume    = {abs/1409.2944},
	year      = {2014},
	url       = {http://arxiv.org/abs/1409.2944},
	timestamp = {Thu, 14 Jul 2016 18:55:33 +0200},
	biburl    = {http://dblp.uni-trier.de/rec/bib/journals/corr/WangWY14},
	bibsource = {dblp computer science bibliography, http://dblp.org}
}

@inproceedings{Oord:2013:DCM:2999792.2999907,
	author = {Oord, A\"{a}ron van den and Dieleman, Sander and Schrauwen, Benjamin},
	title = {Deep Content-based Music Recommendation},
	booktitle = {Proceedings of the 26th International Conference on Neural Information Processing Systems},
	series = {NIPS'13},
	year = {2013},
	location = {Lake Tahoe, Nevada},
	pages = {2643--2651},
	numpages = {9},
	url = {http://dl.acm.org/citation.cfm?id=2999792.2999907},
	acmid = {2999907},
	publisher = {Curran Associates Inc.},
	address = {USA},
} 

@article{DBLP:journals/corr/abs-1301-3781,
	author    = {Tomas Mikolov and
	Kai Chen and
	Greg Corrado and
	Jeffrey Dean},
	title     = {Efficient Estimation of Word Representations in Vector Space},
	journal   = {CoRR},
	volume    = {abs/1301.3781},
	year      = {2013},
	url       = {http://arxiv.org/abs/1301.3781},
	timestamp = {Thu, 07 May 2015 20:02:01 +0200},
	biburl    = {http://dblp.uni-trier.de/rec/bib/journals/corr/abs-1301-3781},
	bibsource = {dblp computer science bibliography, http://dblp.org}
}

@inproceedings{Rendle:2009:BBP:1795114.1795167,
	author = {Rendle, Steffen and Freudenthaler, Christoph and Gantner, Zeno and Schmidt-Thieme, Lars},
	title = {BPR: Bayesian Personalized Ranking from Implicit Feedback},
	booktitle = {Proceedings of the Twenty-Fifth Conference on Uncertainty in Artificial Intelligence},
	series = {UAI '09},
	year = {2009},
	isbn = {978-0-9749039-5-8},
	location = {Montreal, Quebec, Canada},
	pages = {452--461},
	numpages = {10},
	url = {http://dl.acm.org/citation.cfm?id=1795114.1795167},
	acmid = {1795167},
	publisher = {AUAI Press},
	address = {Arlington, Virginia, United States},
} 

%%%%%%%%%%%%%%%%%%%%%%%%%%%%%%%%%%%%%%%%%%%%%%%%%%%%%%%%%%%%%%%%%%%%%%%%%%%%%%%%%%%%%%%%%%%%%%%%%%%%
%%%% OTHER

@online{discover-weekly,
	author = {Spotify},
	title  = {Introducing Discover Weekly: your ultimate personalised playlist},
	urldate   = {2016-12-10},
	howpublished = {\url{https://press.spotify.com/it/2015/07/20/introducing-discover-weekly-your-ultimate-personalised-playlist/}},
	url    = {https://press.spotify.com/it/2015/07/20/introducing-discover-weekly-your-ultimate-personalised-playlist/}
}

@online{matrix-factorization,
	author = {Albert Au Yeung},
	title  = {Matrix Factorization: A Simple Tutorial and Implementation in Python},
	urldate   = {2016-12-11},
	howpublished = {\url{http://www.quuxlabs.com/blog/2010/09/matrix-factorization-a-simple-tutorial-and-implementation-in-python/}},
	url    = {http://www.quuxlabs.com/blog/2010/09/matrix-factorization-a-simple-tutorial-and-implementation-in-python/}
}

@online{dataset:recsys15,
	title  = {RecSys Challange 2015},
	urldate   = {2016-12-15},
	howpublished = {\url{http://2015.recsyschallenge.com/challenge.html}},
	url    = {http://2015.recsyschallenge.com/challenge.html}
}

@online{dataset:taobao,
	title  = {Taobao},
	urldate   = {2016-12-16},
	howpublished = {\url{https://tianchi.shuju.aliyun.com/competition/index.htm}},
	url    = {https://tianchi.shuju.aliyun.com/competition/index.htm}
}

@online{dataset:movielens,
	title  = {Movielens-1M},
	urldate   = {2016-12-16},
	howpublished = {\url{http://files.grouplens.org/datasets/movielens/ml-1m.zip}},
	url    = {http://files.grouplens.org/datasets/movielens/ml-1m.zip}
}

@article{DBLP:journals/corr/BrebissonSAVB15,
	author    = {Alexandre de Br{\'{e}}bisson and
	{\'{E}}tienne Simon and
	Alex Auvolat and
	Pascal Vincent and
	Yoshua Bengio},
	title     = {Artificial Neural Networks Applied to Taxi Destination Prediction},
	journal   = {CoRR},
	volume    = {abs/1508.00021},
	year      = {2015},
	url       = {http://arxiv.org/abs/1508.00021},
	timestamp = {Tue, 01 Sep 2015 14:42:40 +0200},
	biburl    = {http://dblp.uni-trier.de/rec/bib/journals/corr/BrebissonSAVB15},
	bibsource = {dblp computer science bibliography, http://dblp.org}
}

@article{rnn-dropout,
	author    = {Yarin Gal and
	Zoubin Ghahramani},
	title     = {A Theoretically Grounded Application of Dropout in Recurrent Neural Networks},
	journal   = {CoRR},
	volume    = {abs/1512.05287},
	year      = {2016},
	url       = {http://arxiv.org/abs/1512.05287},
}

@article{DBLP:journals/corr/ChatfieldSVZ14,
	author    = {Ken Chatfield and
	Karen Simonyan and
	Andrea Vedaldi and
	Andrew Zisserman},
	title     = {Return of the Devil in the Details: Delving Deep into Convolutional
	Nets},
	journal   = {CoRR},
	volume    = {abs/1405.3531},
	year      = {2014},
	url       = {http://arxiv.org/abs/1405.3531},
	timestamp = {Mon, 02 Jun 2014 08:30:36 +0200},
	biburl    = {http://dblp.uni-trier.de/rec/bib/journals/corr/ChatfieldSVZ14},
	bibsource = {dblp computer science bibliography, http://dblp.org}
}

@misc{email:Hidasi,
	author        = {Bal{\'{a}}zs Hidasi},
	howpublished  = {Personal communication},
	year          = {2016}
}

@inproceedings{Elkahky:2015:MDL:2736277.2741667,
	author = {Elkahky, Ali Mamdouh and Song, Yang and He, Xiaodong},
	title = {A Multi-View Deep Learning Approach for Cross Domain User Modeling in Recommendation Systems},
	booktitle = {Proceedings of the 24th International Conference on World Wide Web},
	series = {WWW '15},
	year = {2015},
	isbn = {978-1-4503-3469-3},
	location = {Florence, Italy},
	pages = {278--288},
	numpages = {11},
	url = {https://doi.org/10.1145/2736277.2741667},
	doi = {10.1145/2736277.2741667},
	acmid = {2741667},
	publisher = {International World Wide Web Conferences Steering Committee},
	address = {Republic and Canton of Geneva, Switzerland},
	keywords = {deep learning, multi-view learning, recommendation system, user modeling},
}

@article{Salton:1988:TAA:54259.54260,
	author = {Salton, Gerard and Buckley, Christopher},
	title = {Term-weighting Approaches in Automatic Text Retrieval},
	journal = {Inf. Process. Manage.},
	issue_date = {1988},
	volume = {24},
	number = {5},
	month = aug,
	year = {1988},
	issn = {0306-4573},
	pages = {513--523},
	numpages = {11},
	url = {http://dx.doi.org/10.1016/0306-4573(88)90021-0},
	doi = {10.1016/0306-4573(88)90021-0},
	acmid = {54260},
	publisher = {Pergamon Press, Inc.},
	address = {Tarrytown, NY, USA},
} 

@misc{tensorflow2015-whitepaper,
	title={ {TensorFlow}: Large-Scale Machine Learning on Heterogeneous Systems},
	url={http://tensorflow.org/},
	note={Software available from tensorflow.org},
	author={
	Mart\'{\i}n~Abadi and
	Ashish~Agarwal and
	Paul~Barham and
	Eugene~Brevdo and
	Zhifeng~Chen and
	Craig~Citro and
	Greg~S.~Corrado and
	Andy~Davis and
	Jeffrey~Dean and
	Matthieu~Devin and
	Sanjay~Ghemawat and
	Ian~Goodfellow and
	Andrew~Harp and
	Geoffrey~Irving and
	Michael~Isard and
	Yangqing Jia and
	Rafal~Jozefowicz and
	Lukasz~Kaiser and
	Manjunath~Kudlur and
	Josh~Levenberg and
	Dan~Man\'{e} and
	Rajat~Monga and
	Sherry~Moore and
	Derek~Murray and
	Chris~Olah and
	Mike~Schuster and
	Jonathon~Shlens and
	Benoit~Steiner and
	Ilya~Sutskever and
	Kunal~Talwar and
	Paul~Tucker and
	Vincent~Vanhoucke and
	Vijay~Vasudevan and
	Fernanda~Vi\'{e}gas and
	Oriol~Vinyals and
	Pete~Warden and
	Martin~Wattenberg and
	Martin~Wicke and
	Yuan~Yu and
	Xiaoqiang~Zheng},
	year={2015},
}


@online{skrede:code,
	title  = {Skrede RNN implementation},
	urldate   = {2016-12-17},
	howpublished = {\url{https://github.com/ruoccoma/master_works/tree/master/skrede}},
	url    = {https://github.com/ruoccoma/master_works/tree/master/skrede}
}

@online{hidasi:code,
	title  = {GRU4REC code on Github},
	author = {Hidasi},
	urldate   = {2016-12-17},
	howpublished = {\url{https://github.com/hidasib/GRU4Rec}},
	url    = {https://github.com/hidasib/GRU4Rec}
}

@article{DBLP:journals/corr/KingmaB14,
	author    = {Diederik P. Kingma and
	Jimmy Ba},
	title     = {Adam: {A} Method for Stochastic Optimization},
	journal   = {CoRR},
	volume    = {abs/1412.6980},
	year      = {2014},
	url       = {http://arxiv.org/abs/1412.6980},
	timestamp = {Thu, 01 Jan 2015 19:51:08 +0100},
	biburl    = {http://dblp.uni-trier.de/rec/bib/journals/corr/KingmaB14},
	bibsource = {dblp computer science bibliography, http://dblp.org}
}

@article{DBLP:journals/corr/BahrampourRSS15,
	author    = {Soheil Bahrampour and
	Naveen Ramakrishnan and
	Lukas Schott and
	Mohak Shah},
	title     = {Comparative Study of Caffe, Neon, Theano, and Torch for Deep Learning},
	journal   = {CoRR},
	volume    = {abs/1511.06435},
	year      = {2015},
	url       = {http://arxiv.org/abs/1511.06435},
	timestamp = {Tue, 01 Dec 2015 19:22:34 +0100},
	biburl    = {http://dblp.uni-trier.de/rec/bib/journals/corr/BahrampourRSS15},
	bibsource = {dblp computer science bibliography, http://dblp.org}
}

@online{glample-rnn-benchmarks,
	title  = {rnn-benchmarks},
	author = {glample},
	urldate   = {2016-12-18},
	howpublished = {\url{https://github.com/glample/rnn-benchmarks}},
	url    = {https://github.com/glample/rnn-benchmarks}
}

@online{kuster-good-bad-ugly,
	title  = {The Good, Bad, \& Ugly of TensorFlow},
	author = {Dan Kuster},
	urldate   = {2016-12-18},
	howpublished = {\url{https://indico.io/blog/the-good-bad-ugly-of-tensorflow/}},
	url    = {https://indico.io/blog/the-good-bad-ugly-of-tensorflow/}
}